<?xml version="1.0" encoding="UTF-8"?><record xmlns="http://www.loc.gov/MARC21/slim" xmlns:cinclude="http://apache.org/cocoon/include/1.0" xmlns:zs="http://www.loc.gov/zing/srw/">
  <leader>00421nz  a2200133n  4500</leader>
  <controlfield tag="001">no 94000470 </controlfield>
  <controlfield tag="003">DLC</controlfield>
  <controlfield tag="005">19940110093516.2</controlfield>
  <controlfield tag="008">940106n| acannaab|          |a ana     c</controlfield>
  <datafield tag="010" ind1=" " ind2=" ">
    <subfield code="a">no 94000470 </subfield>
  </datafield>
  <datafield tag="040" ind1=" " ind2=" ">
    <subfield code="a">MH</subfield>
    <subfield code="c">MH</subfield>
  </datafield>
  <datafield tag="110" ind1="2" ind2="0">
    <subfield code="a">Juristen tegen Kernwapens</subfield>
  </datafield>
  <datafield tag="410" ind1="2" ind2="0">
    <subfield code="a">Beroepsgroep Juristen tegen Kernwapens</subfield>
  </datafield>
  <datafield tag="670" ind1=" " ind2=" ">
    <subfield code="a">Kernwapens en recht, 1985:</subfield>
    <subfield code="b">t.p. (Juristen tegen Kernwapens) p. 8 (Beroepsgroep Juristen tegen Kernwapens)</subfield>
  </datafield>
</record>